%

@misc{Harper,
  author = {Robert Harper},
  title = {The Holy Trinity},
  year = {2011},
  url = {https://existentialtype.wordpress.com/2011/03/27/the-holy-trinity}
}
